@string{cup = {Cambridge University Press}}
@STRING{tplp    = "Theory and Practice of Logic Programming"}
@STRING{ngc     = "New Generation Computing" }
@STRING{cacm    = "Communications of the {ACM}" }

@book{baral02a,
  title = {Knowledge Representation, Reasoning and Declarative Problem Solving},
  author = {C. Baral},
  publisher = cup,
  year = {2003}
}

@article{bainkaokscsotawa18a,
  title = {teaspoon: Solving the Curriculum-Based Course Timetabling Problems with Answer Set Programming},
  author = {M. Banbara and K. Inoue and B. Kaufmann and T. Okimoto and T. Schaub and T. Soh and N. Tamura and P. Wanko},
  doi = {10.1007/s10479-018-2757-7},
  journal = {Annals of Operations Research},
  number = {1},
  pages = {3-37},
  volume = {275},
  year = {2019}
}

@article{becaroto15,
title = "An overview of curriculum-based course timetabling",
author = "A. Bettinelli and V. Cacchiani and R. Roberti and Paolo Toth",
year = "2015",
doi = "10.1007/s11750-015-0366-z",
volume = "23",
pages = "313--349",
journal = "TOP",
issn = "1134-5764",
publisher = "Springer Verlag",
number = "2",
}

@article{bocegasc12a,
  title = {Benchmarking Curriculum-based Course Timetabling: Formulations, Data Formats, Instances, Validation, Visualization, and Results},
  author = {A. Bonutti and F. {De Cesco} and L. {Di Gaspero} and A. Schaerf},
  journal = {Annals of Operations Research},
  number = {1},
  pages = {59-70},
  volume = {194},
  year = {2012}
}

@Article{breitr11a,
  author =	 "G. Brewka and T. Eiter and M. Truszczy{\'n}ski",
  title =	 "Answer set programming at a glance",
  journal =	 cacm,
  year =	 2011,
  volume =	 54,
  number =	 12,
  pages =	 "92-103"
}

@Article{gellif91a,
  author =	 "M. Gelfond and V. Lifschitz",
  title =	 "Classical Negation in Logic Programs and Disjunctive Databases",
  journal =	 ngc,
  year =	 1991,
  volume =	 9,
  pages =	 "365-385"
}

@InProceedings{gekakaosscwa16a,
  author =	 "M. Gebser and R. Kaminski and B. Kaufmann and M. Ostrowski and T. Schaub and P. Wanko",
  title =	 "Theory Solving Made Easy with Clingo~5",
  pages =	 "2:1-2:15",
  crossref =	 "iclp-lipics16"
}

@Proceedings{iclp-lipics16,
  title =	 "Technical Communications of the Thirty-second International Conference on Logic Programming (ICLP'16)",
  year =	 2016,
  booktitle =	 "Technical Communications of the Thirty-second International Conference on Logic Programming (ICLP'16)",
  editor =	 "M. Carro and A. King",
  volume =	 52,
  series =	 "OpenAccess Series in Informatics (OASIcs)",
  publisher =	 "Schloss Dagstuhl--Leibniz-Zentrum fuer Informatik"
}

@InProceedings{gellif88b,
  author =	 "M. Gelfond and V. Lifschitz",
  title =	 "The Stable Model Semantics for Logic Programming",
  booktitle =	 "Proceedings of the Fifth International Conference and Symposium of Logic Programming (ICLP'88)",
  year =	 1988,
  editor =	 "R. Kowalski and K. Bowen",
  pages =	 "1070-1080",
  publisher =	 "MIT Press"
}

@article{cafageiakakrlemarisc19a,
  title = {{ASP-Core-2} Input Language Format},
  author = {F. Calimeri and W. Faber and M. Gebser and G. Ianni and R. Kaminski and T. Krennwallner and N. Leone and M. Maratea and F. Ricca and T. Schaub},
  journal = tplp,
  number = {2},
  pages = {294-309},
  volume = {20},
  year = {2020}
}

@book{gekakasc12a,
  title = {Answer Set Solving in Practice},
  author = {M. Gebser and R. Kaminski and B. Kaufmann and T. Schaub},
  doi = {10.1007/978-3-031-01561-8},
  publisher = {Morgan and Claypool Publishers},
  series = {Synthesis Lectures on Artificial Intelligence and Machine Learning},
  year = {2012}
}

@article{fafrsctate18a,
  title = {Industrial Applications of Answer Set Programming},
  author = {A. Falkner and G. Friedrich and K. Schekotihin and R. Taupe and E. Teppan},
  doi = {10.1007/s13218-018-0548-6},
  journal = {K{\"u}nstliche Intelligenz},
  number = {2-3},
  pages = {165-176},
  volume = {32},
  year = {2018}
}

@article{ergele16,
  author       = {Esra Erdem and
                  Michael Gelfond and
                  Nicola Leone},
  title        = {Applications of Answer Set Programming},
  journal      = {{AI} Mag.},
  volume       = {37},
  number       = {3},
  pages        = {53--68},
  year         = {2016},
  url          = {https://doi.org/10.1609/aimag.v37i3.2678},
  doi          = {10.1609/AIMAG.V37I3.2678}
}

@inproceedings{hebasasc22a,
  title = {Conflict Handling in Product Configuration using Answer Set Programming},
  author = {K. Herud and J. Baumeister and O. Sabuncu and T. Schaub},
  crossref = {aspocp22},
  url = {https://ceur-ws.org/Vol-3193/paper2ASPOCP.pdf}
}

@proceedings{aspocp22,
  title = {Proceedings of the Fifteenth Workshop on Answer Set Programming and Other Computing Paradigms (ASPOCP'22)},
  booktitle = {Proceedings of the Fifteenth Workshop on Answer Set Programming and Other Computing Paradigms (ASPOCP'22)},
  publisher = {CEUR-WS.org},
  series = {{CEUR} Workshop Proceedings},
  volume = {3193},
  year = {2022}
}

@article{fafrhascsc16a,
  title = {Twenty-Five Years of Successful Application of Constraint Technologies at Siemens},
  author = {A. Falkner and G. Friedrich and A. Haselb{\"{o}}ck and G. Schenner and H. Schreiner},
  doi = {10.1609/aimag.v37i4.2688},
  journal = aim,
  number = {4},
  pages = {67-80},
  volume = {37},
  year = {2016}
}

@inproceedings{soinie99a,
  author       = {Timo Soininen and Ilkka Niemel{\"{a}}},
  editor       = {Gopal Gupta},
  title        = {Developing a Declarative Rule Language for Applications in Product
                  Configuration},
  booktitle    = {Practical Aspects of Declarative Languages, First International Workshop,
                  {PADL} '99, San Antonio, Texas, USA, January 18-19, 1999, Proceedings},
  series       = {Lecture Notes in Computer Science},
  volume       = {1551},
  pages        = {305--319},
  publisher    = {Springer},
  year         = {1999},
  url          = {https://doi.org/10.1007/3-540-49201-1\_21},
  doi          = {10.1007/3-540-49201-1\_21}
}

@article{jizhkhst19a,
  title = {Task planning in robotics: an empirical comparison of {PDDL}- and {ASP}-based systems},
  author = {Y. Jiang and S. Zhang and P. Khandelwal and P. Stone},
  journal = {Frontiers of Information Technology and Electronic Engineering},
  number = {3},
  pages = {363-373},
  volume = {20},
  year = {2019}
}

@article{sopobasc23a,
  title = {Answer Set Planning: {A} Survey},
  author = {Son, Tran Cao and Pontelli, Enrico and Balduccini, Marcello and Schaub, Torsten},
  journal = {Theory Pract. Log. Program.},
  number = {1},
  pages = {226--298},
  volume = {23},
  year = {2023}
}

@inproceedings{aldoma17a,
  title = {An Advanced Answer Set Programming Encoding for Nurse Scheduling},
  author = {M. Alviano and C. Dodaro and M. Maratea},
  editor = {F. Esposito and R. Basili and S. Ferilli and F. Lisi},
  booktitle = {Proceedings of the Sixteenth International Conference of the Italian Association for Artificial Intelligence},
  pages = {468-482},
  publisher = springer,
  series = lncs,
  volume = {10640},
  year = {2017}
}

@phdthesis{feutrier23a,
  TITLE = {{Landscape Analysis and Solver Reconfiguration for the Curriculum-Based Course Timetabling}},
  AUTHOR = {Feutrier, Thomas},
  URL = {https://hal.science/tel-04395864},
  SCHOOL = {{Universit{\'e} de Lille}},
  YEAR = {2023},
  MONTH = Dec,
  KEYWORDS = {Operational research ; Heuristic Algorithm ; Landscape Analysis ; Automatic configuration tuning ; Prediction Model ; Optimisation combinatoire ; Recherche operationnelle},
  TYPE = {Theses},
  PDF = {https://hal.science/tel-04395864/file/130156_FEUTRIER_2023_archivage%20%281%29.pdf},
  HAL_ID = {tel-04395864},
  HAL_VERSION = {v1},
}


